@book{Jiawei2012,
  title     = "Data Mining: Concepts and Techniques",
  author    = "Jiawei Han and Micheline Kamber and Jian Pei",
  year      = 2012,
  publisher = "Elsevier",
  address   = "225 Wyman Street, Waltham, MA 02451, USA",
  isbn = "978-0-12-381479-1",
  pages = 740
}

@book{Aggarwal2014,
  title     = "Data Classification: Algorithms and Applications",
  author    = "Charu C. Aggarawal",
  year      = 2014,
  publisher = "Taylor \& Francis Group",
  address   = "6000 Broken Sound Parkway NW, Suite 300, Boca Raton, FL 33487-2742",
  isbn = "978-1-4665-8675-8",
  pages = 704 
}

