@misc{csharp_semantic_analysis,
    title = {Semantic Analysis in C\#},
    author = {Microsoft Corporation},
    year = {2023},
    url = {https://learn.microsoft.com/en-us/dotnet/csharp/language-reference/language-specification/lexical-structure},
    note = {Дата обращения: 2024-12-17}
}

@article{csharp_concepts,
    title = {C\# Language Concepts},
    author = {Microsoft Corporation},
    journal = {Microsoft Docs},
    year = {2023},
    url = {https://docs.microsoft.com/en-us/dotnet/csharp/language-reference/language-specification/concepts},
    note = {Дата обращения: 2024-12-17}
}

@inproceedings{csharp_semantics_paper,
    title={Formal Semantics of C\#},
    author={Necula, Grigore C and Simionescu, Constantin},
    booktitle={Proceedings of the ACM SIGPLAN Conference on Object-Oriented Programming, Systems, Languages, and Applications},
    pages={261--273},
    year={2005},
    organization={ACM}
}

@online{csharp_language_spec,
    title = {C\# Language Specification},
    author = {Microsoft Corporation},
    year = {2023},
    url = {https://docs.microsoft.com/en-us/dotnet/csharp/language-reference/language-specification/},
    note = {Дата обращения: 2024-12-17}
}
